@electronic{ref:ti89:regression,
    note            = {[Stand: 18. Oktober 2015]},
    title           = {Linear Regression Using the TI-89 Calculator},
    organization    = {Flathead Valley Community College},
    url             = {http://home2.fvcc.edu/~erady/Classes/Calc-F07/ti89regression.pdf},
},
@inbook{ref:kuchling:speedOfSoundTable,
    author          = {Horst Kuchling},
    title           = {Taschenbuch der Physik},
    publisher       = {Fachbuchverlag Leipzig},
    address         = {M\"unchen, Wien},
    year            = {2001},
    edition         = {17},
    pages           = {641},
},
@book{ref:looser:skineffekt,
    author          = {Herbert Looser},
    title           = {E11 -- Induktion/Skineffekt},
    publisher       = {FHNW Aargau},
    address         = {Windisch},
    year            = {2015},
},
